@article{DBLP:journals/corr/AbernethyCHW15,
  author    = {Jacob D. Abernethy and
               Yiling Chen and
               Chien{-}Ju Ho and
               Bo Waggoner},
  title     = {Actively Purchasing Data for Learning},
  journal   = {CoRR},
  volume    = {abs/1502.05774},
  year      = {2015},
  url       = {http://arxiv.org/abs/1502.05774},
  timestamp = {Mon, 02 Mar 2015 14:17:34 +0100},
  biburl    = {http://dblp.uni-trier.de/rec/bib/journals/corr/AbernethyCHW15},
  bibsource = {dblp computer science bibliography, http://dblp.org}
}

